<?xml version = "1.0" encoding = "UTF-8"?><OAI-PMH xmlns="http://www.openarchives.org/OAI/2.0/" xmlns:xsi="http://www.w3.org/2001/XMLSchema-instance" xsi:schemaLocation="http://www.openarchives.org/OAI/2.0/ http://www.openarchives.org/OAI/2.0/OAI-PMH.xsd"><ListRecords><record><header><identifier>aleph-publish:037977443</identifier></header><metadata><record xmlns="http://www.ddb.de/professionell/mabxml/mabxml-1.xsd"><leader>00000nM2.01200024------h</leader><controlfield tag="LDR">00000nM2.01200024------h</controlfield><controlfield tag="FMT">MH</controlfield><datafield tag="001" ind1="-" ind2="1"><subfield code="a">HT021793595</subfield></datafield><datafield tag="002" ind1="a" ind2="1"><subfield code="a">20230322</subfield></datafield><datafield tag="003" ind1="-" ind2="1"><subfield code="a">20230323155600.0</subfield></datafield><datafield tag="020" ind1="a" ind2="1"><subfield code="a">3154709-6</subfield><subfield code="b">DNB</subfield></datafield><datafield tag="025" ind1="z" ind2="1"><subfield code="a">3154709-6</subfield></datafield><datafield tag="025" ind1="a" ind2="1"><subfield code="a">1284122735</subfield></datafield><datafield tag="026" ind1="-" ind2="1"><subfield code="a">ZDB3154709-6</subfield></datafield><controlfield tag="030">a||ur||||||37</controlfield><datafield tag="036" ind1="a" ind2="1"><subfield code="a">XB-SG</subfield></datafield><datafield tag="037" ind1="b" ind2="1"><subfield code="a">eng</subfield></datafield><controlfield tag="050">||||||||g|||||</controlfield><controlfield tag="052">p||||||az||||||</controlfield><datafield tag="060" ind1="-" ind2="1"><subfield code="b">txt</subfield><subfield code="a">Text</subfield></datafield><datafield tag="061" ind1="-" ind2="1"><subfield code="b">c</subfield><subfield code="a">Computermedien</subfield></datafield><datafield tag="062" ind1="-" ind2="1"><subfield code="b">cr</subfield><subfield code="a">Online-Ressource</subfield></datafield><datafield tag="064" ind1="a" ind2="1"><subfield code="a">Zeitschrift</subfield><subfield code="9">(DE-588)4067488-5</subfield></datafield><datafield tag="070" ind1="-" ind2="1"><subfield code="a">0025</subfield></datafield><datafield tag="070" ind1="a" ind2="1"><subfield code="a">DNB</subfield></datafield><datafield tag="070" ind1="b" ind2="1"><subfield code="a">9001</subfield></datafield><datafield tag="331" ind1="-" ind2="1"><subfield code="a">Smart grids and sustainable energy</subfield></datafield><datafield tag="375" ind1="e" ind2="1"><subfield code="a">Technology and economics of smart grids and sustainable energy</subfield><subfield code="f">Abweichender Titel in Volume 8, issue 1 (March 2023) teils</subfield></datafield><datafield tag="405" ind1="-" ind2="1"><subfield code="a">Volume 8, issue 1 (March 2023)-</subfield></datafield><datafield tag="406" ind1="b" ind2="1"><subfield code="d">8</subfield><subfield code="e">1</subfield><subfield code="c">3</subfield><subfield code="j">2023</subfield></datafield><datafield tag="419" ind1="-" ind2="1"><subfield code="a">[Singapore]</subfield><subfield code="b">Springer Nature Singapore</subfield><subfield code="c">[2023]-</subfield><subfield code="A">3</subfield></datafield><datafield tag="425" ind1="b" ind2="1"><subfield code="a">2023</subfield></datafield><datafield tag="433" ind1="-" ind2="1"><subfield code="a">Online-Ressource</subfield></datafield><datafield tag="501" ind1="-" ind2="1"><subfield code="a">Gesehen am 23.03.23</subfield></datafield><datafield tag="542" ind1="a" ind2="1"><subfield code="a">2731-8087</subfield></datafield><datafield tag="655" ind1="e" ind2="1"><subfield code="u">http://link.springer.com/journal/40866</subfield><subfield code="x">Verlag</subfield><subfield code="A">0</subfield></datafield><datafield tag="655" ind1="e" ind2="1"><subfield code="u">http://www.bibliothek.uni-regensburg.de/ezeit/?3154709</subfield><subfield code="x">EZB</subfield><subfield code="A">0</subfield></datafield><datafield tag="700" ind1="-" ind2="1"><subfield code="a">333.7</subfield><subfield code="2">ZDB</subfield></datafield><datafield tag="700" ind1="-" ind2="1"><subfield code="a">621.3</subfield><subfield code="2">ZDB</subfield></datafield><datafield tag="780" ind1="-" ind2="1"><subfield code="i">Fortsetzung von</subfield><subfield code="t">Technology and economics of smart grids and sustainable energy</subfield><subfield code="d">Heidelberg : Springer, [2016-2022]</subfield><subfield code="h">Online-Ressource</subfield><subfield code="x">2199-4706</subfield><subfield code="A">0</subfield><subfield code="9">HT018720535</subfield></datafield><controlfield tag="SYS">037977443</controlfield><datafield tag="LOW" ind1="-" ind2="1"><subfield code="a">Z9030</subfield></datafield><datafield tag="088" ind1=" " ind2=" "><subfield code="a">60</subfield><subfield code="d">8.2023 -</subfield></datafield><datafield tag="200" ind1=" " ind2="9"><subfield code="b">8.2023 -</subfield><subfield code="2">Z9030</subfield></datafield><datafield tag="652" ind1="a" ind2="9"><subfield code="a">Online-Ressource</subfield><subfield code="2">Z9030</subfield></datafield><datafield tag="655" ind1="e" ind2="9"><subfield code="u">http://www.bibliothek.uni-regensburg.de/ezeit/?3154709&amp;bibid=STLB</subfield><subfield code="x">EZB</subfield><subfield code="2">Z9030</subfield></datafield><datafield tag="655" ind1="e" ind2="9"><subfield code="u">http://ezb.ur.de/ReadMe?bibid=STLB&amp;owner=DESPR&amp;anchor=deal_springer&amp;lang=de&amp;lang=de#deal_springer</subfield><subfield code="x">Read me</subfield><subfield code="2">Z9030</subfield></datafield><datafield tag="655" ind1="e" ind2="9"><subfield code="u">https://link.springer.com/journal/volumesAndIssues/40866</subfield><subfield code="x">Volltext</subfield><subfield code="2">Z9030</subfield></datafield><datafield tag="200" ind1=" " ind2="9"><subfield code="b">8.2023 -</subfield><subfield code="2">Z9030</subfield></datafield><datafield tag="652" ind1="a" ind2="9"><subfield code="a">Online-Ressource</subfield><subfield code="2">Z9030</subfield></datafield><datafield tag="655" ind1="e" ind2="9"><subfield code="u">http://www.bibliothek.uni-regensburg.de/ezeit/?3154709&amp;bibid=STLB</subfield><subfield code="x">EZB</subfield><subfield code="2">Z9030</subfield></datafield><datafield tag="655" ind1="e" ind2="9"><subfield code="u">http://ezb.ur.de/ReadMe?bibid=STLB&amp;owner=DESPR&amp;anchor=deal_springer_current&amp;lang=de&amp;lang=de#deal_springer_current</subfield><subfield code="x">Read me</subfield><subfield code="2">Z9030</subfield></datafield><datafield tag="655" ind1="e" ind2="9"><subfield code="u">https://link.springer.com/journal/volumesAndIssues/40866</subfield><subfield code="x">Volltext</subfield><subfield code="2">Z9030</subfield></datafield></record></metadata></record></ListRecords></OAI-PMH>